% Encoding: UTF-8

@Www{comtoolbox,
  author = {MathWorks},
  date   = {2019-01-16},
  title  = {Communications Toolbox},
  url    = {https://www.mathworks.com/products/communications.html},
}

@Www{awgnfunc,
  author = {MathWorks},
  date   = {2019-01-16},
  title  = {awgn},
  url    = {https://www.mathworks.com/help/comm/ref/awgn.html},
}

@Www{addawgnnoise,
  author = {Mathuranathan Viswanathan},
  date   = {2019-01-16},
  title  = {How to generate AWGN noise in Matlab or Octave (without using in-built awgn function)},
  url    = {https://www.gaussianwaves.com/2015/06/how-to-generate-awgn-noise-in-matlaboctave-without-using-in-built-awgn-function/},
}

@Www{wikipskconst,
  author = {{Splash using w:Inkscape for Wikipedia}},
  date   = {2006-03-05},
  title  = {Constellation diagram for Gray-coded 4PSK.},
  url    = {https://en.wikipedia.org/wiki/File:QPSK_Gray_Coded.svg},
}

@Article{Pfau2009,
  author    = {Timo Pfau and Sebastian Hoffmann and Reinhold Noe},
  title     = {Hardware-Efficient Coherent Digital Receiver Concept With Feedforward Carrier Recovery for M-QAM Constellations},
  number    = {8},
  doi       = {10.1109/jlt.2008.2010511},
  volume    = {27},
  pages     = {989--999},
  journal   = {Journal of Lightwave Technology},
  month     = {apr},
  publisher = {Institute of Electrical and Electronics Engineers ({IEEE})},
  year      = {2009},
}

@Misc{slidesaulas,
  author = {Artur Moura and Manuel Violas and José Cabral},
  editor = {Universidade do Porto and Universidade de Aveiro and Universidade do Minho},
  date   = {2019-09-01},
  title  = {Documentos das aulas teóricas},
}

@Www{polytrel,
  author = {MathWorks},
  date   = {2019-01-16},
  title  = {poly2trellis documentation},
  url    = {https://www.mathworks.com/help/comm/ref/poly2trellis.html},
}

@Comment{jabref-meta: databaseType:biblatex;}
